@book{
	sarrio16,
	author			= {Sarrió Martin, María Francisca},
	title			= {Aplicación de la tomografía computarizada médica para el análisis y estudio en escultura policromada en madera},
	month			= Nov,
	year			= {2015},
	note			= "\url{http://hdl.handle.net/10251/61986}",
	doi 			= {10.4995/Thesis/10251/61986},
}

@book{
	gonzales11,
	author			= {J. Gonzales Vasquez},
	title			= {Manual Práctico de Tomografía},
	year			= {2011},
	note			= "\url{https://www.academia.edu/10780497/MANUAL_PRACTICO_DE_TOMOGRAFIA}",
}

@book{
	mcrobbie10,
	author			= {McRobbie, Donald W. and Moore, Elizabeth A. and Graves, Martin J. and Prince, Mrtin R},
	title			= {MRI from Picture to Proton},
	year			= {2010},
	note			= "\url{http://www.cambridge.org/ro/academic/subjects/medicine/medical-imaging/mri-picture-proton-2nd-edition?format=HB&isbn=9780521683845#O5lhhdYxoAdiMKXf.97}",
}

@inproceedings{
	garcia14,
	author			= {García Zavaleta, Robert Iván},
	title			= {La historia y las generaciones de la Tomografía Computarizada},
	year			= {2014},
	note			= "\url{https://issuu.com/ivangz/docs/la_historia_de_la_tomografia_y_sus_}",
}

@inproceedings {
	bolivar16,
	booktitle		= {Spanish Computer Graphics Conference (CEIG)},
	editor			= {Alejandro Garcia-Alonso and Belen Masia},
	title			= {3DCurator: A 3D Viewer for CTs of Polychromed Wood Sculptures},
	author			= {Bolívar, Francisco Javier and Melero, Francisco Javier},
	year			= {2016},
	publisher		= {The Eurographics Association},
	ISSN			= {-},
	ISBN			= {978-3-03868-023-9},
	DOI				= {10.2312/ceig.20161311},
	note			= "\url{http://dx.doi.org/10.2312/ceig.20161311}",
}

@inproceedings{
	krissian12,
	author			= {Karl Krissian and Francisco Santana-Jorge and Daniel Santana-Cedr\'es and Carlos Falc\'on-Torres and Sara Arencibia and Sara Illera and Agust\'in Trujillo and Claire Chalopin and Luis Alvarez},
	title			= {AMILab Software: Medical Image Analysis, Processing and Visualization},
	booktitle		= {MMVR},
	pages			= {223-237},
	month			= Jan,
	year			= {2012},
	note			= "\url{http://researchgate.net/publication/221853670_AMILab_software_medical_image_analysis_processing_and_visualization}",
}

@misc{
	radiant,
	title			= {RadiAnt DICOM Viewer},
	howpublished	= "\url{https://www.radiantviewer.com/}",
}

@article{
	fedorov12,
	author 			= {Andriy Fedorov and Reinhard Beichel and Jayashree Kalpathy-Cramer and Julien Finet and Jean-Cristophe Fillion-Robin and Sonia Pujol and Christian Bauer and Dominique Jennings and Fiona Fennessy and Milan Sonka and John Buatti and Stephen Aylward and James Miller and Steve Pieper and Ron Kikinis},
	title			= {3D Slicer as an image computing platform for the Quantitative Imaging Network},
	journal			= {Elsevier},
	pages			= {1323-41},
	month			= Nov,
	year			= {2012},
	note			= "\url{http://dx.doi.org/10.1016/j.mri.2012.05.001}",
	doi 			= {10.1016/j.mri.2012.05.001},
}

@article{
	rosset04,
	author			= {Antoine Rosset and Luca Spadola and Osman Ratib},
	title			= {OsiriX: An Open-Source Software for Navigating in Multidimensional DICOM Images},
	journal			= {Journal of Digital Imaging},
	pages			= {205-216},
	month			= Sep,
	year			= {2004},
	note			= "\url{http://dx.doi.org/10.1007/s10278-004-1014-6}",
	doi 			= {10.1007/s10278-004-1014-6},
}

@article{
	otsu79,
	title			= {A threshold selection method from gray-level histograms},
	author			= {Otsu, Nobuyuki},
	journal			= {IEEE transactions on systems, man, and cybernetics},
	volume			= {9},
	number			= {1},
	pages			= {62--66},
	year			= {1979},
	publisher		= {IEEE},
	DOI				= {10.1109/TSMC.1979.4310076},
	note			= "\url{http://dx.doi.org/10.1109/TSMC.1979.4310076}",
}

@article{
	haralick85,
	title			= {Image segmentation techniques},
	author			= {Haralick, Robert M and Shapiro, Linda G},
	journal			= {Computer vision, graphics, and image processing},
	volume			= {29},
	number			= {1},
	pages			= {100--132},
	year			= {1985},
	publisher		= {Elsevier},
	DOI				= {10.1117/12.948400},
	note			= "\url{http://dx.doi.org/10.1117/12.948400}",
}

@article{
	beucher79,
	title			= {Use of watersheds in contour detection},
	author			= {Beucher, Serge and Lantuéjoul, Christian},
	year			= {1979},
	note			= "\url{https://www.researchgate.net/publication/230837989_Use_of_Watersheds_in_Contour_Detection}",
}

@inproceedings{
	mortensen95,
	title			= {Intelligent scissors for image composition},
	author			= {Mortensen, Eric N and Barrett, William A},
	booktitle		= {Proceedings of the 22nd annual conference on Computer graphics and interactive techniques},
	pages			= {191--198},
	year			= {1995},
	organization	= {ACM},
	DOI				= {10.1145/218380.218442},
	note			= "\url{http://dx.doi.org/10.1145/218380.218442}",
}

@article{
	duda72,
	title			= {Use of the Hough transformation to detect lines and curves in pictures},
	author			= {Duda, Richard O and Hart, Peter E},
	journal			= {Communications of the ACM},
	volume			= {15},
	number			= {1},
	pages			= {11--15},
	year			= {1972},
	publisher		= {ACM},
	DOI				= {0.1145/361237.361242},
	note			= "\url{http://dx.doi.org/0.1145/361237.361242}",
}

@article{
	canny86,
	title			= {A computational approach to edge detection},
	author			= {Canny, John},
	journal			= {IEEE Transactions on pattern analysis and machine intelligence},
	number			= {6},
	pages			= {679--698},
	year			= {1986},
	publisher		= {IEEE},
	DOI				= {10.1109/TPAMI.1986.4767851},
	note			= "\url{http://dx.doi.org/10.1109/TPAMI.1986.4767851}",
}

@inbook{
	toennies12,
	author			= {Toennies, Klaus D.},
	title			= {Segmentation: Principles and Basic Techniques},
	bookTitle		= {Guide to Medical Image Analysis: Methods and Algorithms},
	year			= {2012},
	publisher 		= {Springer London},
	pages			= {171--209},
	isbn			= {978-1-4471-2751-2},
	DOI				= {10.1007/978-1-4471-2751-2_6},
	note			= "\url{https://doi.org/10.1007/978-1-4471-2751-2_6}",
}

@misc{
	segmentation-concepts,
	title			= {Técnicas de Visualización Gráfica: Introduction to Image Processing and Analysis},
	author			= {León Salas, Alejandro José},
}

@misc{
	relaxation,
	title			= {Nuclear magnetic resonance: Relaxation},
	author			= {Universitätsklinikum Düsseldorf},
	howpublished	= "\url{http://www.nmr.uni-duesseldorf.de/main/mtheorie_3_e.html}",
}

@misc{
	iee830,
	title			= {Especificación de Requisitos según el estándar de IEE 830},
	howpublished	= "\url{https://www.fdi.ucm.es/profesor/gmendez/docs/is0809/ieee830.pdf}",
}

@misc{
	gitflow,
	title			= {Gitflow Workflow},
	howpublished	= "\url{https://www.atlassian.com/git/tutorials/comparing-workflows/gitflow-workflow}",
}

@misc{
	staruml,
	title			= {StarUML},
	howpublished	= "\url{http://staruml.io/}",
}

@misc{
	qt,
	title			= {Qt},
	howpublished	= "\url{https://www.qt.io/}",
}

@misc{
	cmake,
	title			= {CMake},
	howpublished	= "\url{https://cmake.org/}",
}

@misc{
	vtk,
	title			= {VTK},
	howpublished	= "\url{http://www.vtk.org/}",
}

@misc{
	itk,
	title			= {ITK},
	howpublished	= "\url{https://itk.org/}",
}

@misc{
	opencv,
	title			= {OpenCV},
	howpublished	= "\url{http://opencv.org/}",
}

@misc{
	boost,
	title			= {Boost},
	howpublished	= "\url{http://www.boost.org/}",
}
